{
  "leader": "05972cam a2200673 i 4500",
  "fields": [
    {
      "001": "ocn932385570"
    },
    {
      "003": "OCoLC"
    },
    {
      "005": "20221220112005.0"
    },
    {
      "008": "160205t20162016nyuab\\\\\\\\b\\\\\\\\001\\0beng\\\\"
    },
    {
      "007": "ta"
    },
    {
      "010": {
        "ind1": "\\",
        "ind2": "\\",
        "subfields": [
          {
            "a": "  2015050758"
          }
        ]
      }
    },
    {
      "040": {
        "ind1": "\\",
        "ind2": "\\",
        "subfields": [
          {
            "a": "DLC"
          },
          {
            "b": "eng"
          },
          {
            "e": "rda"
          },
          {
            "c": "DLC"
          },
          {
            "d": "YDXCP"
          },
          {
            "d": "BTCTA"
          },
          {
            "d": "BDX"
          },
          {
            "d": "OCLCF"
          },
          {
            "d": "GK8"
          },
          {
            "d": "VTL"
          },
          {
            "d": "BKL"
          },
          {
            "d": "NYP"
          },
          {
            "d": "ON8"
          },
          {
            "d": "FM0"
          },
          {
            "d": "VP@"
          },
          {
            "d": "OQX"
          },
          {
            "d": "BUR"
          },
          {
            "d": "CZA"
          },
          {
            "d": "IGA"
          },
          {
            "d": "CNCCA"
          },
          {
            "d": "NZGPL"
          },
          {
            "d": "MOF"
          },
          {
            "d": "YUS"
          },
          {
            "d": "GL3"
          },
          {
            "d": "OCLCO"
          },
          {
            "d": "KPLCP"
          },
          {
            "d": "SFR"
          },
          {
            "d": "BYV"
          },
          {
            "d": "CHVBK"
          },
          {
            "d": "BNG"
          },
          {
            "d": "U3G"
          },
          {
            "d": "OCLCO"
          },
          {
            "d": "OCLCQ"
          },
          {
            "d": "OCLCO"
          },
          {
            "d": "BUF"
          },
          {
            "d": "OCLCA"
          },
          {
            "d": "OCLCQ"
          },
          {
            "d": "OCLCO"
          },
          {
            "d": "FPJ"
          },
          {
            "d": "CEF"
          },
          {
            "d": "TKN"
          },
          {
            "d": "RCL"
          },
          {
            "d": "B@L"
          },
          {
            "d": "HCO"
          },
          {
            "d": "FQG"
          },
          {
            "d": "ZHM"
          },
          {
            "d": "SPP"
          },
          {
            "d": "OCLCQ"
          },
          {
            "d": "OCLCO"
          },
          {
            "d": "RIU"
          },
          {
            "d": "OCLCQ"
          },
          {
            "d": "OCLCO"
          },
          {
            "d": "MTU"
          },
          {
            "d": "PUG"
          },
          {
            "d": "OCLCO"
          },
          {
            "d": "IAD"
          },
          {
            "d": "LKC"
          },
          {
            "d": "OCLCQ"
          },
          {
            "d": "OCLCO"
          },
          {
            "d": "NZAUC"
          },
          {
            "d": "OCLCO"
          },
          {
            "d": "JX5"
          },
          {
            "d": "NJT"
          },
          {
            "d": "GZN"
          },
          {
            "d": "OCLCO"
          },
          {
            "d": "GZW"
          },
          {
            "d": "OCLCO"
          },
          {
            "d": "OCLCA"
          },
          {
            "d": "OCLCQ"
          },
          {
            "d": "OCLCO"
          },
          {
            "d": "OCL"
          },
          {
            "d": "OCLCA"
          },
          {
            "d": "OCLCQ"
          },
          {
            "d": "OCLCO"
          }
        ]
      }
    },
    {
      "020": {
        "ind1": "\\",
        "ind2": "\\",
        "subfields": [
          {
            "a": "9780307961907"
          },
          {
            "q": "(hardcover)"
          }
        ]
      }
    },
    {
      "020": {
        "ind1": "\\",
        "ind2": "\\",
        "subfields": [
          {
            "a": "0307961907"
          },
          {
            "q": "(hardcover)"
          }
        ]
      }
    },
    {
      "020": {
        "ind1": "\\",
        "ind2": "\\",
        "subfields": [
          {
            "z": "9780307961914"
          },
          {
            "q": "(ebook)"
          }
        ]
      }
    },
    {
      "020": {
        "ind1": "\\",
        "ind2": "\\",
        "subfields": [
          {
            "z": "0307961915"
          },
          {
            "q": "(ebook)"
          }
        ]
      }
    },
    {
      "024": {
        "ind1": "8",
        "ind2": "\\",
        "subfields": [
          {
            "a": "40026553100"
          }
        ]
      }
    },
    {
      "035": {
        "ind1": "\\",
        "ind2": "\\",
        "subfields": [
          {
            "a": "(OCoLC)932385570"
          }
        ]
      }
    },
    {
      "037": {
        "ind1": "\\",
        "ind2": "\\",
        "subfields": [
          {
            "b": "Random House Inc, Attn Order Entry 400 Hahn rd, Westminster, MD, USA, 21157"
          },
          {
            "n": "SAN 201-3975"
          }
        ]
      }
    },
    {
      "042": {
        "ind1": "\\",
        "ind2": "\\",
        "subfields": [
          {
            "a": "pcc"
          }
        ]
      }
    },
    {
      "043": {
        "ind1": "\\",
        "ind2": "\\",
        "subfields": [
          {
            "a": "n-us---"
          },
          {
            "a": "n-cn---"
          }
        ]
      }
    },
    {
      "050": {
        "ind1": "0",
        "ind2": "0",
        "subfields": [
          {
            "a": "HT167"
          },
          {
            "b": ".K325 2016"
          }
        ]
      }
    },
    {
      "082": {
        "ind1": "0",
        "ind2": "0",
        "subfields": [
          {
            "a": "711.4092"
          },
          {
            "b": "KAN"
          }
        ]
      }
    },
    {
      "100": {
        "ind1": "1",
        "ind2": "\\",
        "subfields": [
          {
            "a": "Kanigel, Robert,"
          },
          {
            "e": "author."
          }
        ]
      }
    },
    {
      "245": {
        "ind1": "1",
        "ind2": "0",
        "subfields": [
          {
            "a": "Eyes on the street :"
          },
          {
            "b": "the life of Jane Jacobs /"
          },
          {
            "c": "Robert Kanigel."
          }
        ]
      }
    },
    {
      "250": {
        "ind1": "\\",
        "ind2": "\\",
        "subfields": [
          {
            "a": "First edition."
          }
        ]
      }
    },
    {
      "264": {
        "ind1": "\\",
        "ind2": "1",
        "subfields": [
          {
            "a": "New York :"
          },
          {
            "b": "Alfred A. Knopf,"
          },
          {
            "c": "2016."
          }
        ]
      }
    },
    {
      "264": {
        "ind1": "\\",
        "ind2": "4",
        "subfields": [
          {
            "c": "\u00a92016"
          }
        ]
      }
    },
    {
      "300": {
        "ind1": "\\",
        "ind2": "\\",
        "subfields": [
          {
            "a": "viii, 482 pages :"
          },
          {
            "b": "illustrations, maps ;"
          },
          {
            "c": "25 cm"
          }
        ]
      }
    },
    {
      "336": {
        "ind1": "\\",
        "ind2": "\\",
        "subfields": [
          {
            "a": "text"
          },
          {
            "b": "txt"
          },
          {
            "2": "rdacontent"
          }
        ]
      }
    },
    {
      "337": {
        "ind1": "\\",
        "ind2": "\\",
        "subfields": [
          {
            "a": "unmediated"
          },
          {
            "b": "n"
          },
          {
            "2": "rdamedia"
          }
        ]
      }
    },
    {
      "338": {
        "ind1": "\\",
        "ind2": "\\",
        "subfields": [
          {
            "a": "volume"
          },
          {
            "b": "nc"
          },
          {
            "2": "rdacarrier"
          }
        ]
      }
    },
    {
      "504": {
        "ind1": "\\",
        "ind2": "\\",
        "subfields": [
          {
            "a": "Includes bibliographical references (pages 453-466) and index."
          }
        ]
      }
    },
    {
      "505": {
        "ind1": "0",
        "ind2": "\\",
        "subfields": [
          {
            "a": "Part I: An uncredentialed woman, 1916-1954. A generous place to live ; Outlaw ; Ladies' nest of owls, and other milestones in the education of Miss Jane Butzner ; The great bewildering world ; Morningside Heights ; Women's work ; Amerika ; Trushchoby -- Part II: In the big world, 1954-1968. Disenchantment --Ten minutes at Harvard ; A person worth talking to ; A manuscript to show us ; Mother Jacobs of Hudson Street ; The physical fallacy ; West Village warrior ; Luncheon at the White House ; Gas masks at the Pentagon -- Part III: On Albany Avenue, 1968-2006. A circle of their own ; Settling in ; Our Jane ; Flummoxed ; Adam, Karl, and Jane ; Webs of trust ; Ideas that matter ; Civilization's child."
          }
        ]
      }
    },
    {
      "520": {
        "ind1": "\\",
        "ind2": "\\",
        "subfields": [
          {
            "a": "\"Chronicles the life of a noted activist who wrote seven groundbreaking books, including her most famous, The Death and Life of Great American Cities; saved neighborhoods; stopped expressways; was arrested twice; and engaged at home and on the streets in thousands of debates -- all of which she won, \"--NoveList."
          }
        ]
      }
    },
    {
      "520": {
        "ind1": "\\",
        "ind2": "\\",
        "subfields": [
          {
            "a": "The first full-scale biography of Jane Jacobs, the irrepressible woman who with her book The Death and Life of American Cities, and others that followed, so profoundly changed the way we think about and live in cities that, to this day, her influence can still be felt in any discussion of urban planning, or in any conversation about what cities mean to us. Jacobs is brought to life here by Robert Kanigel, the writer who introduced us to Indian mathematician Ramanujan and to industrialist Fredrick Winslow Taylor. Based on new sources and interviews, as well as on archival letters and other material, this is a revelation of the phenomenal woman, who, while raising three children, wrote seven groundbreaking books; saved neighborhoods; was arrested twice; and engaged--at home, on the podium, and on the streets--in thousands of impassioned debates, all of which, it could seem, she won. Here is the girl who challenged her third-grade teacher; the high school poet; the journalist who honed her writing and observational skills at Architectural Forum, Fortune, and other magazines, while amassing the knowledge and contacts she would draw upon to write her most famous book. We accompany her on New York's streets as she forms her opinions about what makes a city grow or fail, and meet the architects and planners and power brokers she battled with so vigorously. Each of her books and its reception are thoroughly discussed. Here, too, is the activist who helped lead ultimately successful protests against Robert Moses's proposed expressway that would have cut off her beloved Greenwich Village; and who, in order to keep her sons out of the Vietnam War, moved to Canada, where she applied her ideas about what made cities thrive to a new setting, becoming as well known and admired there as she was in the United States. Eyes on the Street--Jacobs's phrase for the vital human presence in a healthy neighborhood--is a penetrating, engaging portrait of a woman of fearless spirit and intellect whose every action and thought was often unexpected, always original and, ultimately, of lasting importance.--Adapted from dust jacket."
          }
        ]
      }
    },
    {
      "600": {
        "ind1": "1",
        "ind2": "0",
        "subfields": [
          {
            "a": "Jacobs, Jane,"
          },
          {
            "d": "1916-2006."
          }
        ]
      }
    },
    {
      "650": {
        "ind1": "\\",
        "ind2": "0",
        "subfields": [
          {
            "a": "City planners"
          },
          {
            "z": "United States"
          },
          {
            "v": "Biography."
          }
        ]
      }
    },
    {
      "650": {
        "ind1": "\\",
        "ind2": "0",
        "subfields": [
          {
            "a": "City planners"
          },
          {
            "z": "Canada"
          },
          {
            "v": "Biography."
          }
        ]
      }
    },
    {
      "650": {
        "ind1": "\\",
        "ind2": "0",
        "subfields": [
          {
            "a": "City planning"
          },
          {
            "z": "United States"
          },
          {
            "x": "History"
          },
          {
            "y": "20th century."
          }
        ]
      }
    },
    {
      "650": {
        "ind1": "\\",
        "ind2": "0",
        "subfields": [
          {
            "a": "City planning"
          },
          {
            "z": "Canada"
          },
          {
            "x": "History"
          },
          {
            "y": "20th century."
          }
        ]
      }
    },
    {
      "650": {
        "ind1": "\\",
        "ind2": "0",
        "subfields": [
          {
            "a": "Urban renewal"
          },
          {
            "z": "United States"
          },
          {
            "x": "History"
          },
          {
            "y": "20th century."
          }
        ]
      }
    },
    {
      "650": {
        "ind1": "\\",
        "ind2": "0",
        "subfields": [
          {
            "a": "Urban renewal"
          },
          {
            "z": "Canada"
          },
          {
            "x": "History"
          },
          {
            "y": "20th century."
          }
        ]
      }
    },
    {
      "650": {
        "ind1": "\\",
        "ind2": "0",
        "subfields": [
          {
            "a": "Sociology, Urban"
          },
          {
            "x": "Philosophy."
          }
        ]
      }
    },
    {
      "600": {
        "ind1": "1",
        "ind2": "7",
        "subfields": [
          {
            "a": "Jacobs, Jane,"
          },
          {
            "d": "1916-2006."
          },
          {
            "2": "fast"
          },
          {
            "0": "(OCoLC)fst00052833"
          }
        ]
      }
    },
    {
      "650": {
        "ind1": "\\",
        "ind2": "7",
        "subfields": [
          {
            "a": "City planners."
          },
          {
            "2": "fast"
          },
          {
            "0": "(OCoLC)fst00862164"
          }
        ]
      }
    },
    {
      "650": {
        "ind1": "\\",
        "ind2": "7",
        "subfields": [
          {
            "a": "City planning."
          },
          {
            "2": "fast"
          },
          {
            "0": "(OCoLC)fst00862177"
          }
        ]
      }
    },
    {
      "650": {
        "ind1": "\\",
        "ind2": "7",
        "subfields": [
          {
            "a": "Sociology, Urban"
          },
          {
            "x": "Philosophy."
          },
          {
            "2": "fast"
          },
          {
            "0": "(OCoLC)fst01123970"
          }
        ]
      }
    },
    {
      "650": {
        "ind1": "\\",
        "ind2": "7",
        "subfields": [
          {
            "a": "Urban renewal."
          },
          {
            "2": "fast"
          },
          {
            "0": "(OCoLC)fst01162536"
          }
        ]
      }
    },
    {
      "651": {
        "ind1": "\\",
        "ind2": "7",
        "subfields": [
          {
            "a": "Canada."
          },
          {
            "2": "fast"
          },
          {
            "0": "(OCoLC)fst01204310"
          }
        ]
      }
    },
    {
      "651": {
        "ind1": "\\",
        "ind2": "7",
        "subfields": [
          {
            "a": "United States."
          },
          {
            "2": "fast"
          },
          {
            "0": "(OCoLC)fst01204155"
          }
        ]
      }
    },
    {
      "648": {
        "ind1": "\\",
        "ind2": "7",
        "subfields": [
          {
            "a": "1900-1999"
          },
          {
            "2": "fast"
          }
        ]
      }
    },
    {
      "655": {
        "ind1": "\\",
        "ind2": "2",
        "subfields": [
          {
            "a": "Biography"
          }
        ]
      }
    },
    {
      "655": {
        "ind1": "\\",
        "ind2": "7",
        "subfields": [
          {
            "a": "Biographies."
          },
          {
            "2": "fast"
          },
          {
            "0": "(OCoLC)fst01919896"
          }
        ]
      }
    },
    {
      "655": {
        "ind1": "\\",
        "ind2": "7",
        "subfields": [
          {
            "a": "History."
          },
          {
            "2": "fast"
          },
          {
            "0": "(OCoLC)fst01411628"
          }
        ]
      }
    },
    {
      "655": {
        "ind1": "\\",
        "ind2": "7",
        "subfields": [
          {
            "a": "Biographies."
          },
          {
            "2": "lcgft"
          }
        ]
      }
    },
    {
      "994": {
        "ind1": "\\",
        "ind2": "\\",
        "subfields": [
          {
            "a": "Z0"
          },
          {
            "b": "NYRVC"
          }
        ]
      }
    },
    {
      "948": {
        "ind1": "\\",
        "ind2": "\\",
        "subfields": [
          {
            "h": "NO HOLDINGS IN NYRVC - 731 OTHER HOLDINGS"
          }
        ]
      }
    },
    {
      "999": {
        "ind1": "\\",
        "ind2": "\\",
        "subfields": [
          {
            "a": "00000000026220"
          }
        ]
      }
    }
  ]
}